
@Article{fhabiana,
  author = 	 {Fhabiana Thieli dos Santos Machado},
  title = 	 {Desenvolvendo um Sistema Especialista baseado em regras
para resolução de problemas na conexão de Internet no
Software ExpertSinta},
  year = 	 {2018}
}


___________________________________________________________________________________________________
@Article{knuth:84,
  author = 	 {FRANCINILDO RAMOS ALVES, FRANCISCO AROLDO PINHEIRO JÚNIOR, JOSÉ SÉRGIO DE ARAÚJO FILHO, NILTON DA SILVA BRANDÃO, RAFAEL DE ALMEIDA MATIAS},
  title = 	 {CURSO SUPERIOR DE TECNOLOGIA EM REDES DE COMPUTADORES},
  year = 	 {2010}
}


@book{torres2015redes,
  title={Redes de computadores},
  author={Torres, Gabriel},
  year={2015},
  publisher={Novaterra Editora e Distribuidora LTDA}
}

@misc{physical-layer,
	title = {Wi-Fi: Overview of the 802.11 Physical Layer and Transmitter Measurements},
    author={Tektronix},
    year={2013}
}

@misc{csma-ca,
	Author = {MARCELO B DO NASCIMENTO},
	Title = {Acesso aos Meios em WLANs: CSMA/CA – CCNA | Blog da DlteC},
	Url = {http://www.dltec.com.br/blog/cisco/acesso-aos-meios-em-wlans-csmaca-ccna/},
	Urlaccessdate = {18 nov. 2017},
	Year = {2012}
}

@misc{ross2009livro,
  title={O Livro do Wireless: Um Guia Definitivo para Wi-Fi e Redes Sem Fio},
  author={ROSS, John},
  year={2009},
  publisher={Rio de Janeiro: Alta Books}
}

@Article{knuth:84,
  author = 	 {Andressa J.Silveira, Filipe dos Santos e Hélio Metz},
  title = 	 {Contenção, (métodos de transmissão)},
  year = 	 {2013}
}

@misc{fagundes-csma,
	Author = {Eduardo Fagundes},
	Title = {802.11: O PROTOCOLO DA SUBCAMADA MAC (I)},
	Url = {http://efagundes.com/networking/lans-sem-fio/802-11-o-protocolo-da-subcamada-mac/},
	Urlaccessdate = {18 nov. 2017},
	Year = {2015}
}

@Book{kurose-2013,
  author = 	 {James F. Kurose, Keith W. Ross},
  title = 	 {Redes de Computadores e a Internet - Uma Abordagem Top Down},
  publisher = 	 {Editora Afiliada},
  year = 	 {2013},
  edition = 	 {6ª Edição}
}

